<?xml version="1.0" encoding="UTF-8"?><collection xmlns="http://www.loc.gov/MARC21/slim"><record><leader>00342nam--2200133-i-4500</leader><controlfield tag="001">000039916</controlfield><controlfield tag="002">20161230</controlfield><controlfield tag="005">20161230201042</controlfield><controlfield tag="008">060222s1000------------r-----000-0-eng-d</controlfield><datafield ind1=" " ind2=" " tag="080"><subfield code="a">530.1(047.1)</subfield></datafield><datafield ind1=" " ind2=" " tag="100"><subfield code="a">Ruhl,W</subfield></datafield><datafield ind1=" " ind2=" " tag="245"><subfield code="a">Okn conformal invariance or interaacting fields</subfield></datafield><datafield ind1=" " ind2=" " tag="260"><subfield code="a">Kaiserslautern, Univ.Trier, 1973. 27 P</subfield></datafield><datafield ind1=" " ind2=" " tag="852"><subfield code="a">39476</subfield></datafield></record></collection>